@online{AM2321,
  author  = {{Aosong Electronics Co.,Ltd}},
  title   = {AM2321 product manual},
  url     = {http://akizukidenshi.com/download/ds/aosong/AM2321_e.pdf},
  urldate = {2020-02-20}
}
